<record><leader>00000cas a2200000Ma 4500</leader><controlfield tag="001">11040683</controlfield><controlfield tag="008">840810d18411844nhuwr ne      0   a0eng d</controlfield><datafield ind1=" " ind2=" " tag="010"><subfield code="a">sn 84023804 </subfield></datafield><datafield ind1=" " ind2=" " tag="040"><subfield code="a">AQM</subfield><subfield code="b">eng</subfield><subfield code="c">AQM</subfield><subfield code="d">OCLCQ</subfield></datafield><datafield ind1="0" ind2="0" tag="245"><subfield code="a">Manchester memorial.</subfield></datafield><datafield ind1="1" ind2="3" tag="246"><subfield code="a">Manchester memorial and people's herald</subfield></datafield><datafield ind1=" " ind2=" " tag="260"><subfield code="a">Manchester, N.H. :</subfield><subfield code="b">J.C. Emerson,</subfield><subfield code="c">1841-</subfield></datafield><datafield ind1=" " ind2=" " tag="300"><subfield code="a">v. :</subfield><subfield code="b">ill. (chiefly advertisements) ;</subfield><subfield code="c">54 cm.</subfield></datafield><datafield ind1=" " ind2=" " tag="310"><subfield code="a">Weekly</subfield></datafield><datafield ind1="0" ind2=" " tag="362"><subfield code="a">Vol. 2 no. 1 (Jan. 6, 1841)-</subfield></datafield><datafield ind1="1" ind2=" " tag="362"><subfield code="a">Ceased with Aug. 30, 1844 issue.</subfield><subfield code="z">Cf. Chamberlen, H.A. First ten years of print. and pub. in Manchester, N.H., 1839-1849.</subfield></datafield><datafield ind1=" " ind2=" " tag="500"><subfield code="a">Editors: Emerson &amp; Murray, 1842; Wetmore &amp; Wallace, 1842-1844.</subfield></datafield><datafield ind1=" " ind2=" " tag="500"><subfield code="a">Entire title within title ornament, &lt;Jan. 19-July 8, 1842&gt;.</subfield></datafield><datafield ind1=" " ind2=" " tag="500"><subfield code="a">Published as: Manchester memorial and people's herald, beginning Feb. 17. Published as: Manchester memorial and people's herald until Dec. 1841. Cf. Chamberlen, H.A. Print. and pub. in Manchester, N.H., 1839-1849.</subfield></datafield><datafield ind1=" " ind2=" " tag="500"><subfield code="a">"Whig." Cf. Chamberlen, H.A. Print. and pub. in Manchester, N.H., 1839-1849.</subfield></datafield><datafield ind1=" " ind2=" " tag="500"><subfield code="a">Publishers: Wetmore &amp; Wallace, 1842-1844; Samuel F. Wetmore, 1844.</subfield></datafield><datafield ind1=" " ind2="7" tag="655"><subfield code="a">Newspapers.</subfield><subfield code="2">rbgenr</subfield></datafield><datafield ind1=" " ind2=" " tag="752"><subfield code="a">United States</subfield><subfield code="b">New Hampshire</subfield><subfield code="c">Hillsboro</subfield><subfield code="d">Manchester.</subfield></datafield><datafield ind1=" " ind2=" " tag="752"><subfield code="a">United States</subfield><subfield code="b">New Hampshire</subfield><subfield code="c">Hillsborough</subfield><subfield code="d">Manchester.</subfield></datafield><datafield ind1="0" ind2="0" tag="780"><subfield code="t">Amoskeag memorial</subfield><subfield code="w">(DLC)sn 84023803</subfield></datafield><datafield ind1="0" ind2="0" tag="785"><subfield code="t">Manchester American</subfield><subfield code="w">(DLC)sn 84023805</subfield></datafield></record>